@article{greenwade93,
    author  = "George D. Greenwade",
    title   = "The {C}omprehensive {T}ex {A}rchive {N}etwork ({CTAN})",
    year    = "1993",
    journal = "TUGBoat",
    volume  = "14",
    number  = "3",
    pages   = "342--351"
}


@misc{mtz,
  author = {AIMMS},
  title = {Miller-Tucker-Zemlin Formulation},
  year = {2020},
  url = {https://how-to.aimms.com/Articles/332/332-Miller-Tucker-Zemlin-formulation.html},
}